@online{szteCryptography,
  author = {Pengő Edit},
  title = {Kriptográfia},
  year = {2020},
  url = {https://www.inf.u-szeged.hu/~pengoe/kripto.html},
  urldate = {2025-04-22}
}

@online{aspNetCore,
  author = {Microsoft},
  title = {ASP.NET Core},
  year = {2025},
  url = {https://dotnet.microsoft.com/en-us/apps/aspnet},
  urldate = {2025-04-17}
}